@book{elements-of-statistical-learning,
  title={The elements of statistical learning: data mining, inference, and prediction},
  author={Hastie, Trevor and Tibshirani, Robert and Friedman, Jerome H and Friedman, Jerome H},
  volume={2},
  year={2009},
  publisher={Springer}
}

@inproceedings{1992_hardmargin_svm,
  title={A training algorithm for optimal margin classifiers},
  author={Boser, Bernhard E and Guyon, Isabelle M and Vapnik, Vladimir N},
  booktitle={Proceedings of the fifth annual workshop on Computational learning theory},
  pages={144--152},
  year={1992}
}

@article{1995_svm,
  title={Support-vector networks},
  author={Cortes, Corinna and Vapnik, Vladimir},
  journal={Machine learning},
  volume={20},
  pages={273--297},
  year={1995},
  publisher={Springer}
}

@article{2000_nu_svm,
  title={New support vector algorithms},
  author={Sch{\"o}lkopf, Bernhard and Smola, Alex J and Williamson, Robert C and Bartlett, Peter L},
  journal={Neural computation},
  volume={12},
  number={5},
  pages={1207--1245},
  year={2000},
  publisher={MIT Press One Rogers Street, Cambridge, MA 02142-1209, USA journals-info~…}
}

@inproceedings{2001_p_svm,
  title={Proximal support vector machine classifiers},
  author={Fung, Glenn and Mangasarian, Olvi L},
  booktitle={Proceedings of the seventh ACM SIGKDD international conference on Knowledge discovery and data mining},
  pages={77--86},
  year={2001}
}


@article{2007_kernel_methods,
	doi = {10.1214/009053607000000677},
	url = {https://doi.org/10.1214%2F009053607000000677},
	year = 2008,
	month = {jun},
	publisher = {Institute of Mathematical Statistics},
	volume = {36},
	number = {3},
	author = {Thomas Hofmann and Bernhard Schölkopf and Alexander J. Smola},
	title = {Kernel methods in machine learning}, 
	journal = {The Annals of Statistics}
}

@inproceedings{2008_projectron,
  title={The projectron: a bounded kernel-based perceptron},
  author={Orabona, Francesco and Keshet, Joseph and Caputo, Barbara},
  booktitle={Proceedings of the 25th international conference on Machine learning},
  pages={720--727},
  year={2008}
}


@article{SMO,
  title={Sequential minimal optimization: A fast algorithm for training support vector machines},
  author={Platt, John},
  year={1998}
}


@article{reduced_set_method,
    author = {Burges, Christopher},
    year = {1997},
    month = {07},
    pages = {},
    title = {Simplified Support Vector Decision Rules}
}

@inproceedings{burges_improving_accuracy,
    author = {Burges, Christopher J. C. and Sch\"{o}lkopf, Bernhard},
    booktitle = {Advances in Neural Information Processing Systems},
    editor = {M.C. Mozer and M. Jordan and T. Petsche},
    pages = {},
    publisher = {MIT Press},
    title = {Improving the Accuracy and Speed of Support Vector Machines},
    url = {https://proceedings.neurips.cc/paper_files/paper/1996/file/b495ce63ede0f4efc9eec62cb947c162-Paper.pdf},
    volume = {9},
    year = {1996}
}

@inproceedings{2003_online_classification_on_a_budget,
 author = {Crammer, Koby and Kandola, Jaz and Singer, Yoram},
 booktitle = {Advances in Neural Information Processing Systems},
 editor = {S. Thrun and L. Saul and B. Sch\"{o}lkopf},
 pages = {},
 publisher = {MIT Press},
 title = {Online Classification on a Budget},
 url = {https://proceedings.neurips.cc/paper_files/paper/2003/file/1a68e5f4ade56ed1d4bf273e55510750-Paper.pdf},
 volume = {16},
 year = {2003}
}

@article{1958_perceptron,
  title={The perceptron: a probabilistic model for information storage and organization in the brain.},
  author={Terence Sanger and Pallavi N. Baljekar},
  journal={Psychological review},
  year={1958},
  volume={65 6},
  pages={
          386-408
        },
  url={https://api.semanticscholar.org/CorpusID:12781225}
}

@inproceedings{2005_forgetron,
 author = {Dekel, Ofer and Shalev-shwartz, Shai and Singer, Yoram},
 booktitle = {Advances in Neural Information Processing Systems},
 editor = {Y. Weiss and B. Sch\"{o}lkopf and J. Platt},
 pages = {},
 publisher = {MIT Press},
 title = {The Forgetron: A Kernel-Based Perceptron on a Fixed Budget},
 url = {https://proceedings.neurips.cc/paper_files/paper/2005/file/c0f971d8cd24364f2029fcb9ac7b71f5-Paper.pdf},
 volume = {18},
 year = {2005}
}

@article{2007_random_removal,
  title={Tracking the best hyperplane with a simple budget perceptron},
  author={Cesa-Bianchi, N and Cavallanti, G and Gentile, Claudio},
  journal={Machine Learning},
  volume={69},
  number={2-3},
  pages={143--167},
  year={2007},
  publisher={Kluwer}
}

@inproceedings{2005_penalizing_outliers,
  title={Increasing efficiency of SVM by adaptively penalizing outliers},
  author={Zhan, Yiqiang and Shen, Dinggang},
  booktitle={International Workshop on Energy Minimization Methods in Computer Vision and Pattern Recognition},
  pages={539--551},
  year={2005},
  organization={Springer}
}

@article{2001_ssvm_smooth_svm,
author = {Lee, Yuh-Jye and Mangasarian, O.},
year = {2001},
month = {01},
pages = {5-22},
title = {SSVM: A Smooth Support Vector Machine for Classification},
volume = {20},
journal = {Computational Optimization and Applications},
doi = {10.1023/A:1011215321374}
}

@inproceedings{2006_svm_on_a_budget,
 author = {Dekel, Ofer and Singer, Yoram},
 booktitle = {Advances in Neural Information Processing Systems},
 editor = {B. Sch\"{o}lkopf and J. Platt and T. Hoffman},
 pages = {},
 publisher = {MIT Press},
 title = {Support Vector Machines on a Budget},
 url = {https://proceedings.neurips.cc/paper_files/paper/2006/file/a081cab429ff7a3b96e0a07319f1049e-Paper.pdf},
 volume = {19},
 year = {2006}
}